<?xml version="1.0" encoding="UTF-8"?><collection xmlns="http://www.loc.gov/MARC21/slim"><record><leader>00283nam--2200109-i-4500</leader><controlfield tag="001">000038810</controlfield><controlfield tag="002">20161230</controlfield><controlfield tag="005">20161230201042</controlfield><controlfield tag="008">060222s1000------------r-----000-0-eng-d</controlfield><datafield ind1=" " ind2=" " tag="245"><subfield code="a">Reports in progress of applied chemistry</subfield></datafield><datafield ind1=" " ind2=" " tag="260"><subfield code="a">London, Soc.Of Chemical Industry, 1951</subfield></datafield><datafield ind1=" " ind2=" " tag="852"><subfield code="a">10152</subfield></datafield></record></collection>